@article{TEricson2008,
    author    = "T. Ericson, B. Halvorsen",
    title     = "Hvordan varierer timeforbruket av strøm i ulike sektorer?",
    journal   = "SSB",
    year      = "2008"
}

@article{Legionella2009,
    author    = "Folkehelseinstituttet",
    title     = "Forebygging av legionellasmitte – en veiledning",
    journal   = "Folkehelseinstituttet",
    year      = "2009"
}

@techreport{AMSforskriften,
    author    = "Olje- og energidepartementet",
    title     = "Forskrift om måling, avregning og samordnet opptreden ved kraftomsetning og fakturering av nettjenester",
    institution = "Norge",
    year      = "2010",
    month    = "01",
    note     = "26",
}